<?xml version="1.0" encoding="UTF-8"?><collection xmlns="http://www.loc.gov/MARC21/slim"><record><leader>00606nam--2200193-u-4500</leader><controlfield tag="001">000052188</controlfield><controlfield tag="002">20161230</controlfield><controlfield tag="005">20161230201050</controlfield><controlfield tag="008">100511s1000------------r-----000-0-fre-d</controlfield><datafield ind1=" " ind2=" " tag="040"><subfield code="a">IFIN-HH</subfield></datafield><datafield ind1=" " ind2=" " tag="041"><subfield code="a">fre</subfield></datafield><datafield ind1=" " ind2=" " tag="080"><subfield code="a">519.662</subfield></datafield><datafield ind1="1" ind2=" " tag="100"><subfield code="a">Schron, L</subfield></datafield><datafield ind1="1" ind2="0" tag="245"><subfield code="a">Tables de logarithmes a sept decimales. Pour les nombres depuis 1 jusqu'a 108000 et pour les fonctions trigonometriques de dix en dix secondes</subfield><subfield code="c">L. Schron; J. Houel</subfield></datafield><datafield ind1=" " ind2=" " tag="260"><subfield code="a">Paris</subfield><subfield code="b">Gauthier-Villars et C-ie</subfield><subfield code="c">1956</subfield></datafield><datafield ind1=" " ind2=" " tag="300"><subfield code="a">474 +76 p</subfield></datafield><datafield ind1=" " ind2="4" tag="650"><subfield code="a">Tabele logarirtmice</subfield></datafield><datafield ind1=" " ind2=" " tag="852"><subfield code="a">47583</subfield><subfield code="c">518.2</subfield></datafield><datafield ind1=" " ind2=" " tag="CAT"><subfield code="a">Sys</subfield><subfield code="c">20100511</subfield><subfield code="h">121249</subfield></datafield></record></collection>